<record><leader>00000cas a22000007a 4500</leader><controlfield tag="001">32711701</controlfield><controlfield tag="008">950626c19669999nyuwr ne      0    0eng d</controlfield><datafield ind1=" " ind2=" " tag="010"><subfield code="a">sn 95071185 </subfield></datafield><datafield ind1=" " ind2=" " tag="040"><subfield code="a">NYS</subfield><subfield code="b">eng</subfield><subfield code="c">NYS</subfield><subfield code="d">OCLCQ</subfield></datafield><datafield ind1=" " ind2=" " tag="042"><subfield code="a">msc</subfield></datafield><datafield ind1="0" ind2=" " tag="130"><subfield code="a">Port Washington news (Port Washington, N.Y. : 1966)</subfield></datafield><datafield ind1="1" ind2="0" tag="245"><subfield code="a">Port Washington news.</subfield></datafield><datafield ind1="1" ind2="3" tag="246"><subfield code="a">Port Washington news and times-post</subfield></datafield><datafield ind1=" " ind2=" " tag="260"><subfield code="a">Port Washington, N.Y. :</subfield><subfield code="b">Community Newspapers</subfield></datafield><datafield ind1=" " ind2=" " tag="300"><subfield code="a">v.</subfield></datafield><datafield ind1=" " ind2=" " tag="310"><subfield code="a">Weekly</subfield></datafield><datafield ind1="0" ind2=" " tag="362"><subfield code="a">Vol. 63, no. 23 (June 9, 1966)-</subfield></datafield><datafield ind1=" " ind2=" " tag="500"><subfield code="a">Published in Port Washington, N.Y. 1966-1991; and in Mineola, N.Y. 1991-</subfield></datafield><datafield ind1=" " ind2=" " tag="500"><subfield code="a">Publishers: Community Newspapers, 1966-1991; Anton Community Newspapers, 1991-</subfield></datafield><datafield ind1=" " ind2=" " tag="500"><subfield code="a">"Official newspaper for the Incorporated Villages of Sands Point, Baxter Estates, Port Washington North, Flower Hill."</subfield></datafield><datafield ind1=" " ind2=" " tag="500"><subfield code="a">"Official newspaper of the Incorporated Villages of Baxter Estates, Flower Hill, Manorhaven, Port Washington North and Sands Point," &lt;1991&gt;.</subfield></datafield><datafield ind1=" " ind2="4" tag="651"><subfield code="a">Mineola (N.Y.)</subfield><subfield code="v">Newspapers.</subfield></datafield><datafield ind1=" " ind2="4" tag="651"><subfield code="a">Port Washington (N.Y.)</subfield><subfield code="v">Newspapers.</subfield></datafield><datafield ind1=" " ind2="4" tag="651"><subfield code="a">Sands Point (N.Y.)</subfield><subfield code="v">Newspapers.</subfield></datafield><datafield ind1=" " ind2="4" tag="651"><subfield code="a">Port Washington North (N.Y.)</subfield><subfield code="v">Newspapers.</subfield></datafield><datafield ind1=" " ind2="4" tag="651"><subfield code="a">Baxter Estates (N.Y.)</subfield><subfield code="v">Newspapers.</subfield></datafield><datafield ind1=" " ind2="4" tag="651"><subfield code="a">Flower Hill (N.Y.)</subfield><subfield code="v">Newspapers.</subfield></datafield><datafield ind1=" " ind2="4" tag="651"><subfield code="a">Manorhaven (N.Y.)</subfield><subfield code="x">Newspapers</subfield><subfield code="y">&lt;1991&gt;</subfield></datafield><datafield ind1=" " ind2="4" tag="651"><subfield code="a">Nassau County (N.Y.)</subfield><subfield code="v">Newspapers.</subfield></datafield><datafield ind1=" " ind2=" " tag="752"><subfield code="a">United States</subfield><subfield code="b">New York</subfield><subfield code="c">Nassau</subfield><subfield code="d">Mineola.</subfield></datafield><datafield ind1=" " ind2=" " tag="752"><subfield code="a">United States</subfield><subfield code="b">New York</subfield><subfield code="c">Nassau</subfield><subfield code="d">Port Washington.</subfield></datafield><datafield ind1="0" ind2="0" tag="780"><subfield code="t">Port Washington news and times-post</subfield><subfield code="w">(DLC)sn 95071154</subfield></datafield><datafield ind1="1" ind2=" " tag="029"><subfield code="a">AU@</subfield><subfield code="b">000011783133</subfield></datafield></record>